<?xml version="1.0" encoding="UTF-8"?>
  <record xmlns="http://www.loc.gov/MARC21/slim" type="Authority">
    <leader>00000nz  a2200000nc 4500</leader>
    <controlfield tag="001">104169923</controlfield>
    <controlfield tag="003">DE-101</controlfield>
    <controlfield tag="005">20220216173306.0</controlfield>
    <controlfield tag="008">960409n||azznnaabn           | aaa    |c</controlfield>
    <datafield tag="024" ind1="7" ind2=" ">
      <subfield code="a">104169923</subfield>
      <subfield code="0">http://d-nb.info/gnd/104169923</subfield>
      <subfield code="2">gnd</subfield>
    </datafield>
    <datafield tag="035" ind1=" " ind2=" ">
      <subfield code="a">(DE-101)104169923</subfield>
    </datafield>
    <datafield tag="035" ind1=" " ind2=" ">
      <subfield code="a">(DE-588)104169923</subfield>
    </datafield>
    <datafield tag="035" ind1=" " ind2=" ">
      <subfield code="z">(DE-588a)104169923</subfield>
      <subfield code="9">v:zg</subfield>
    </datafield>
    <datafield tag="040" ind1=" " ind2=" ">
      <subfield code="a">DE-12</subfield>
      <subfield code="c">DE-12</subfield>
      <subfield code="9">r:DE-12</subfield>
      <subfield code="b">ger</subfield>
      <subfield code="d">3004</subfield>
    </datafield>
    <datafield tag="042" ind1=" " ind2=" ">
      <subfield code="a">gnd1</subfield>
    </datafield>
    <datafield tag="043" ind1=" " ind2=" ">
      <subfield code="c">XA-DE</subfield>
    </datafield>
    <datafield tag="065" ind1=" " ind2=" ">
      <subfield code="a">3.6p</subfield>
      <subfield code="2">sswd</subfield>
    </datafield>
    <datafield tag="075" ind1=" " ind2=" ">
      <subfield code="b">p</subfield>
      <subfield code="2">gndgen</subfield>
    </datafield>
    <datafield tag="075" ind1=" " ind2=" ">
      <subfield code="b">piz</subfield>
      <subfield code="2">gndspec</subfield>
    </datafield>
    <datafield tag="079" ind1=" " ind2=" ">
      <subfield code="a">g</subfield>
      <subfield code="q">s</subfield>
      <subfield code="q">a</subfield>
      <subfield code="q">f</subfield>
    </datafield>
    <datafield tag="100" ind1="1" ind2=" ">
      <subfield code="a">Zitzwitz, Nicolaus &#152;von&#156;</subfield>
      <subfield code="d">1634-1704</subfield>
    </datafield>
    <datafield tag="400" ind1="1" ind2=" ">
      <subfield code="a">Zitzwitz, Nicolas &#152;von&#156;</subfield>
      <subfield code="d">1634-1704</subfield>
    </datafield>
    <datafield tag="400" ind1="1" ind2=" ">
      <subfield code="a">Zitzewitz, Nicolaus &#152;von&#156;</subfield>
      <subfield code="d">1634-1704</subfield>
    </datafield>
    <datafield tag="400" ind1="1" ind2=" ">
      <subfield code="a">Zitzewitz, Nicolas &#152;von&#156;</subfield>
      <subfield code="d">1634-1704</subfield>
    </datafield>
    <datafield tag="400" ind1="1" ind2=" ">
      <subfield code="a">Zizwiz, Nicolaus &#152;von&#156;</subfield>
      <subfield code="d">1634-1704</subfield>
    </datafield>
    <datafield tag="400" ind1="1" ind2=" ">
      <subfield code="a">Zizwiz, Nicolas &#152;von&#156;</subfield>
      <subfield code="d">1634-1704</subfield>
    </datafield>
    <datafield tag="400" ind1="1" ind2=" ">
      <subfield code="a">Zitzewitz, Nicolaus &#152;a&#156;</subfield>
      <subfield code="d">1634-1704</subfield>
    </datafield>
    <datafield tag="400" ind1="1" ind2=" ">
      <subfield code="a">Zitzewitz, Nicolas &#152;a&#156;</subfield>
      <subfield code="d">1634-1704</subfield>
    </datafield>
    <datafield tag="400" ind1="1" ind2=" ">
      <subfield code="a">Zizwiz, Nicolaus &#152;a&#156;</subfield>
      <subfield code="d">1634-1704</subfield>
    </datafield>
    <datafield tag="400" ind1="1" ind2=" ">
      <subfield code="a">Zizwiz, Nicolas &#152;a&#156;</subfield>
      <subfield code="d">1634-1704</subfield>
    </datafield>
    <datafield tag="400" ind1="1" ind2=" ">
      <subfield code="a">Zitzewitz, Nikolaus &#152;von&#156;</subfield>
      <subfield code="d">1634-1704</subfield>
      <subfield code="9">v:Internat. biogr. Index; LThK</subfield>
    </datafield>
    <datafield tag="400" ind1="1" ind2=" ">
      <subfield code="a">Zitzwitz, Nikolaus &#152;von&#156;</subfield>
      <subfield code="d">1634-1704</subfield>
    </datafield>
    <datafield tag="400" ind1="1" ind2=" ">
      <subfield code="a">Zizwiz, Nikolaus &#152;von&#156;</subfield>
      <subfield code="d">1634-1704</subfield>
    </datafield>
    <datafield tag="400" ind1="1" ind2=" ">
      <subfield code="a">Zitzewitz, Nikolas &#152;von&#156;</subfield>
      <subfield code="d">1634-1704</subfield>
    </datafield>
    <datafield tag="400" ind1="1" ind2=" ">
      <subfield code="a">Zitzwitz, Nikolas &#152;von&#156;</subfield>
      <subfield code="d">1634-1704</subfield>
    </datafield>
    <datafield tag="400" ind1="1" ind2=" ">
      <subfield code="a">Zizwiz, Nikolas &#152;von&#156;</subfield>
      <subfield code="d">1634-1704</subfield>
    </datafield>
    <datafield tag="400" ind1="1" ind2=" ">
      <subfield code="a">Zizewiz, Nikolas &#152;von&#156;</subfield>
      <subfield code="d">1634-1704</subfield>
    </datafield>
    <datafield tag="400" ind1="1" ind2=" ">
      <subfield code="a">Zizewiz, Nikolaus &#152;von&#156;</subfield>
      <subfield code="d">1634-1704</subfield>
    </datafield>
    <datafield tag="400" ind1="1" ind2=" ">
      <subfield code="a">Zizewiz, Nicolas &#152;von&#156;</subfield>
      <subfield code="d">1634-1704</subfield>
    </datafield>
    <datafield tag="400" ind1="1" ind2=" ">
      <subfield code="a">Zizewiz, Nicolaus &#152;von&#156;</subfield>
      <subfield code="d">1634-1704</subfield>
    </datafield>
    <datafield tag="400" ind1="1" ind2=" ">
      <subfield code="a">Zizewiz, Nicolaus &#152;a&#156;</subfield>
      <subfield code="d">1634-1704</subfield>
    </datafield>
    <datafield tag="400" ind1="1" ind2=" ">
      <subfield code="a">Zizewiz, Nicolas &#152;a&#156;</subfield>
      <subfield code="d">1634-1704</subfield>
    </datafield>
    <datafield tag="400" ind1="1" ind2=" ">
      <subfield code="a">Zittwitz, Nicolaus &#152;von&#156;</subfield>
      <subfield code="d">1634-1704</subfield>
    </datafield>
    <datafield tag="400" ind1="1" ind2=" ">
      <subfield code="a">Zittwiz, Nicolaus &#152;von&#156;</subfield>
      <subfield code="d">1634-1704</subfield>
    </datafield>
    <datafield tag="400" ind1="1" ind2=" ">
      <subfield code="a">Cicewiz, Nicolaus &#152;von&#156;</subfield>
      <subfield code="d">1634-1704</subfield>
    </datafield>
    <datafield tag="548" ind1=" " ind2=" ">
      <subfield code="a">1634-1704</subfield>
      <subfield code="4">datl</subfield>
      <subfield code="4">https://d-nb.info/standards/elementset/gnd#dateOfBirthAndDeath</subfield>
      <subfield code="w">r</subfield>
      <subfield code="i">Lebensdaten</subfield>
    </datafield>
    <datafield tag="548" ind1=" " ind2=" ">
      <subfield code="a">XX.XX.1634-24.10.1704</subfield>
      <subfield code="4">datx</subfield>
      <subfield code="4">https://d-nb.info/standards/elementset/gnd#dateOfBirthAndDeath</subfield>
      <subfield code="w">r</subfield>
      <subfield code="i">Exakte Lebensdaten</subfield>
    </datafield>
    <datafield tag="550" ind1=" " ind2=" ">
      <subfield code="0">(DE-101)040597563</subfield>
      <subfield code="0">(DE-588)4059756-8</subfield>
      <subfield code="0">https://d-nb.info/gnd/4059756-8</subfield>
      <subfield code="a">Theologe</subfield>
      <subfield code="4">berc</subfield>
      <subfield code="4">https://d-nb.info/standards/elementset/gnd#professionOrOccupation</subfield>
      <subfield code="w">r</subfield>
      <subfield code="i">Charakteristischer Beruf</subfield>
    </datafield>
    <datafield tag="667" ind1=" " ind2=" ">
      <subfield code="a">7</subfield>
    </datafield>
    <datafield tag="667" ind1=" " ind2=" ">
      <subfield code="a">3</subfield>
    </datafield>
    <datafield tag="667" ind1=" " ind2=" ">
      <subfield code="a">VD-17</subfield>
    </datafield>
    <datafield tag="670" ind1=" " ind2=" ">
      <subfield code="a">BN; BLC; Internat. biogr. Index; LThK; Zedler</subfield>
    </datafield>
    <datafield tag="670" ind1=" " ind2=" ">
      <subfield code="a">Wikipedia</subfield>
      <subfield code="b">Stand: 16.02.2022</subfield>
      <subfield code="u">https://de.wikipedia.org/w/index.php?title=Nikolaus_von_Zitzewitz&amp;oldid=217255390</subfield>
    </datafield>
    <datafield tag="672" ind1=" " ind2="0">
      <subfield code="a">Véron, François: Compendium Regulae Fidei Catholicae Veronianae. - 1699</subfield>
    </datafield>
    <datafield tag="678" ind1=" " ind2=" ">
      <subfield code="b">O.S.B.; geb. in Besswitz, Hinterpommern; gest. auf d. Huysburg; zunächst Lutheraner; 1652 Studium in Greifswald, dann in Helmstedt; 1656 in Köln zum Katholizismus konvertiert; tritt in den Benediktinerorden ein; ab 1677 Abt v. d. Huysburg; Diplomat; Theologe, Benediktiner</subfield>
    </datafield>
    <datafield tag="913" ind1=" " ind2=" ">
      <subfield code="S">pnd</subfield>
      <subfield code="i">a</subfield>
      <subfield code="a">Zitzwitz, Nicolaus /von</subfield>
      <subfield code="0">(DE-588a)104169923</subfield>
    </datafield>
  </record>
